@phdthesis{tian2017self,
  title={Self-Powered Intelligent Traffic Monitoring Using IR Lidar and Camera},
  author={Tian, Yi},
  year={2017},
  school={Virginia Tech}
}

@article{tian2017reliable,
  title={Reliable Infrastructural Urban Traffic Monitoring Via Lidar and Camera Fusion},
  author={Tian, Yi and Liu, Hangxin and Furukawa, Tomonari},
  journal={SAE International Journal of Passenger Cars-Electronic and Electrical Systems},
  volume={10},
  number={2017-01-0083},
  year={2017}
}

@inproceedings{stauffer1999adaptive,
  title={Adaptive background mixture models for real-time tracking},
  author={Stauffer, Chris and Grimson, W Eric L},
  booktitle={Computer Vision and Pattern Recognition, 1999. IEEE Computer Society Conference on.},
  volume={2},
  pages={246--252},
  year={1999},
  organization={IEEE}
}

@article{wei2017adaptable,
  title={Adaptable Vehicle Detection and Speed Estimation for Changeable Urban Traffic with Anisotropic Magnetoresistive Sensor},
  author={Wei, Qifan and others},
  journal={IEEE Sensors Journal},
  year={2017},
  publisher={IEEE}
}

@inproceedings{jinturkar2016real,
  title={Real-Time Traffic Monitoring with Portable AMR Sensor System},
  author={Jinturkar, Surabhi P and Pawar, Sushant J},
  booktitle={International Conference on Smart Trends for Information Technology and Computer Communications},
  pages={408--417},
  year={2016},
  organization={Springer}
}

@techreport{zaki2017demonstrating,
  title={Demonstrating the Viability of Automated Video Analysis for Mid-Block Traffic Data Collection: A Study in the City of Edmonton},
  author={Zaki, Mohamed H and Sayed, Tarek and Ibrahim, Shewkar E},
  year={2017}
}

@inproceedings{yabo2016vehicle,
  title={Vehicle classification and speed estimation using Computer Vision techniques},
  author={Yabo, Agust{\'\i}n and Arroyo, Sebasti{\'a}n I and Safar, F{\'e}lix G and Oliva, Dami{\'a}n},
  booktitle={XXV Congreso Argentino de Control Autom{\'a}tico (AADECA 2016)(Buenos Aires, 2016)},
  year={2016}
}

@article{kalman,
  title={A New Approach to Linear Filtering and Prediction Problems},
  author={Kalman, R. E.},
  journal={Transactions of the ASME - Journal of Basic Engineering},
  volume={82},
  pages={25--45},
  year={1960},
}

@article{khilar2016novel,
  title={A Novel Method for Effective Vehicle Detection and Tracking Eliminating Occlusion},
  author={Khilar, Rashmita and Chitrakala, S},
  journal={Asian Journal of Research in Social Sciences and Humanities},
  volume={6},
  number={cs1},
  pages={714--727},
  year={2016},
  publisher={Asian Research Consortium}
}

@article{moremoving,
  title={Moving Object Detection, Tracking, Object Counting and Speed Measurement},
  author={More, Bhagyashri B and Pathade, Manasi}
}

@inproceedings{changedet,
	title={changedetection.net: A new change detection benchmark dataset},
    author={N. Goyette and P.-M. Jodoin and F. Porikli and J. Konrad and P. Ishwar},
    booktitle={IEEE Workshop on Change Detection (CDW-2012) at CVPR-2012, Providence, RI},
    date={16-21 Jun.},
    year={2012}
}